<record><leader>00000cas a22000007a 4500</leader><controlfield tag="001">20086450</controlfield><controlfield tag="008">890728d18941923mouwr ne      0    0eng d</controlfield><datafield ind1=" " ind2=" " tag="010"><subfield code="a">sn 89066886 </subfield></datafield><datafield ind1=" " ind2=" " tag="040"><subfield code="a">MQN</subfield><subfield code="b">eng</subfield><subfield code="c">MQN</subfield><subfield code="d">OCLCQ</subfield></datafield><datafield ind1=" " ind2=" " tag="042"><subfield code="a">msc</subfield></datafield><datafield ind1="0" ind2="0" tag="245"><subfield code="a">Parnell sentinel.</subfield></datafield><datafield ind1="1" ind2="3" tag="246"><subfield code="a">Parnell City sentinel</subfield></datafield><datafield ind1=" " ind2=" " tag="260"><subfield code="a">Parnell City, Mo. :</subfield><subfield code="b">Cordill &amp; Colden</subfield></datafield><datafield ind1=" " ind2=" " tag="300"><subfield code="a">v.</subfield></datafield><datafield ind1=" " ind2=" " tag="310"><subfield code="a">Weekly</subfield></datafield><datafield ind1="1" ind2=" " tag="362"><subfield code="a">Began in 1894? Ceased in 1923?</subfield></datafield><datafield ind1=" " ind2=" " tag="588"><subfield code="a">Description based on: Vol. 3, no. 21 (Aug. 7, 1896).</subfield></datafield><datafield ind1=" " ind2="4" tag="651"><subfield code="a">Parnell (Mo.)</subfield><subfield code="v">Newspapers.</subfield></datafield><datafield ind1=" " ind2=" " tag="752"><subfield code="a">United States</subfield><subfield code="b">Missouri</subfield><subfield code="c">Nodaway</subfield><subfield code="d">Parnell.</subfield></datafield></record>